%YAML 1.1
%TAG !u! tag:unity3d.com,2011:
--- !u!1 &100000
GameObject:
  m_ObjectHideFlags: 0
  m_CorrespondingSourceObject: {fileID: 0}
  m_PrefabInstance: {fileID: 0}
  m_PrefabAsset: {fileID: 0}
  serializedVersion: 6
  m_Component:
  - component: {fileID: 400000}
  - component: {fileID: 11400000}
  - component: {fileID: 8200002}
  - component: {fileID: 8200000}
  m_Layer: 0
  m_Name: SoundManager
  m_TagString: Untagged
  m_Icon: {fileID: 0}
  m_NavMeshLayer: 0
  m_StaticEditorFlags: 0
  m_IsActive: 1
--- !u!4 &400000
Transform:
  m_ObjectHideFlags: 0
  m_CorrespondingSourceObject: {fileID: 0}
  m_PrefabInstance: {fileID: 0}
  m_PrefabAsset: {fileID: 0}
  m_GameObject: {fileID: 100000}
  m_LocalRotation: {x: 0, y: 0, z: 0, w: 1}
  m_LocalPosition: {x: 0, y: 0, z: 0}
  m_LocalScale: {x: 1, y: 1, z: 1}
  m_Children: []
  m_Father: {fileID: 0}
  m_RootOrder: 0
  m_LocalEulerAnglesHint: {x: 0, y: 0, z: 0}
--- !u!114 &11400000
MonoBehaviour:
  m_ObjectHideFlags: 0
  m_CorrespondingSourceObject: {fileID: 0}
  m_PrefabInstance: {fileID: 0}
  m_PrefabAsset: {fileID: 0}
  m_GameObject: {fileID: 100000}
  m_Enabled: 1
  m_EditorHideFlags: 0
  m_Script: {fileID: 11500000, guid: 617da7e6dc6c82f43988a70b1b7fd69e, type: 3}
  m_Name: 
  m_EditorClassIdentifier: 
  helpOn: 0
  showInfo: 1
  showDev: 1
  showList: 1
  showAdd: 1
  showSFX: 1
  showSFXDetails: 000000000000000000000000000000000000000000000000000000000000000000000000
  groupAddIndex: 0
  autoPrepoolAmount: 0
  autoBaseVolume: 1
  autoVolumeVariation: 0
  autoPitchVariation: 0
  showAsGrouped: 1
  soundConnections:
  - level: Menu
    isCustomLevel: 0
    soundsToPlay:
    - {fileID: 8300000, guid: 0e3e5dce2b2194940aa3349515bec0e2, type: 3}
    baseVolumes:
    - 1
    playMethod: 0
    minDelay: 0
    maxDelay: 0
    delay: 0
  - level: Game
    isCustomLevel: 0
    soundsToPlay:
    - {fileID: 8300000, guid: f909b6d09a4f14d2abada647dd735b65, type: 3}
    baseVolumes:
    - 1
    playMethod: 0
    minDelay: 0
    maxDelay: 0
    delay: 0
  audios:
  - {fileID: 8200002}
  - {fileID: 8200000}
  currentLevel: 
  currentSoundConnection:
    level: 
    isCustomLevel: 0
    soundsToPlay: []
    baseVolumes: []
    playMethod: 0
    minDelay: 0
    maxDelay: 0
    delay: 0
  crossDuration: 5
  showDebug: 1
  offTheBGM: 0
  isPaused: 0
  movingOnFromSong: 0
  ignoreLevelLoad: 0
  resourcesPath: Sounds/SFX
  storedSFXs:
  - {fileID: 8300000, guid: 8c0336c9ccc014448b0983cb6e6bce35, type: 3}
  - {fileID: 8300000, guid: 5fffa192f53074acb9bc13851c1eef22, type: 3}
  - {fileID: 8300000, guid: fed66662682704f578cff39096a33cef, type: 3}
  - {fileID: 8300000, guid: c1aef497a5f144be78a216a41794517c, type: 3}
  - {fileID: 8300000, guid: 45ca00d2e2ef4430f8a40146471a0746, type: 3}
  - {fileID: 8300000, guid: 7622e0ded55ef41a2b20be98534f3708, type: 3}
  - {fileID: 8300000, guid: 1ae4517b8042d4abd8bfbe45ae906d51, type: 3}
  - {fileID: 8300000, guid: d477a3a252c35442baf5a1e10ec10caf, type: 3}
  - {fileID: 8300000, guid: ce7c1707335fb4c4782b97cd3d6d1941, type: 3}
  - {fileID: 8300000, guid: 2b1f4c80a8eed4b10ab53afc334048a5, type: 3}
  - {fileID: 8300000, guid: 7172f3a989cc64e3f9556b9c2c004eda, type: 3}
  - {fileID: 8300000, guid: 6710b8357f01343f38c7d10d538a545e, type: 3}
  - {fileID: 8300000, guid: 2ee919acffab940d5857264226652ac2, type: 3}
  - {fileID: 8300000, guid: 1db6e0fe7b95e4bda9124494eef08197, type: 3}
  - {fileID: 8300000, guid: ba9d2268a22ac4a218dc8e8c5e8ea379, type: 3}
  - {fileID: 8300000, guid: 9cc7415d62e2a4e90912a484c1920484, type: 3}
  - {fileID: 8300000, guid: 6a07cd25687b345ee845867c06565f6d, type: 3}
  - {fileID: 8300000, guid: f55dbcbc0e1d24b9b97e8f9b1ff7d597, type: 3}
  - {fileID: 8300000, guid: 03119825d90e9426baae377adfaaf933, type: 3}
  - {fileID: 8300000, guid: bc0b2a49296d94b79bce5f29edc46454, type: 3}
  - {fileID: 8300000, guid: e1c07c2f5b3f2420399755633cbfe267, type: 3}
  - {fileID: 8300000, guid: 00d8438ad50c247c8a277b4433ff1af8, type: 3}
  - {fileID: 8300000, guid: 2827835d677b8407985630999094ae45, type: 3}
  - {fileID: 8300000, guid: 4d709bbd264bf43899c6cecb57b7e97d, type: 3}
  - {fileID: 8300000, guid: d329a051682ad4d0584157db334bcebc, type: 3}
  - {fileID: 8300000, guid: ce22034c8fea04b42b36c01a258695aa, type: 3}
  - {fileID: 8300000, guid: d16330643b5534511870b71865df59bd, type: 3}
  - {fileID: 8300000, guid: a08c5f38d429c48fdb9940ae634e0548, type: 3}
  - {fileID: 8300000, guid: 8c1b81178aecb49a0b0503c5ac6a030a, type: 3}
  - {fileID: 8300000, guid: 72050444ea2d34a7083c3f0439f8651d, type: 3}
  - {fileID: 8300000, guid: 0e099b394e0fe441daa4e2bbcc5a89b5, type: 3}
  - {fileID: 8300000, guid: 74eadc08b242d492e80c451522c55087, type: 3}
  - {fileID: 8300000, guid: 3f3d17c58b2484bd6b8db9ace8cda4a3, type: 3}
  - {fileID: 8300000, guid: 0b84c067e518149c99a9e5e164ff46a0, type: 3}
  - {fileID: 8300000, guid: 41083017c0d494112b464f4fcf853326, type: 3}
  - {fileID: 8300000, guid: 8fc641bee97244020b7fe21158fe1c8e, type: 3}
  unOwnedSFXObjects: []
  sfxGroups:
  - groupName: 
    specificCapAmount: -1
    clips: []
    independentVolume: 0
    independentPitch: 0
    volume: 1
    pitch: 1
  - groupName: Obstacles
    specificCapAmount: -1
    clips: []
    independentVolume: 0
    independentPitch: 0
    volume: 1
    pitch: 1
  - groupName: UI
    specificCapAmount: -1
    clips: []
    independentVolume: 0
    independentPitch: 0
    volume: 1
    pitch: 1
  - groupName: Items
    specificCapAmount: -1
    clips: []
    independentVolume: 0
    independentPitch: 0
    volume: 1
    pitch: 1
  - groupName: Boosts
    specificCapAmount: -1
    clips: []
    independentVolume: 0
    independentPitch: 0
    volume: 1
    pitch: 1
  clipToGroupKeys:
  - Apple_Collect
  - Balloon_Pop
  - Chain_Break
  - Flower_Cut
  - Ice_Break
  - Mushroom_Pick
  - Net_Rip
  - Slime_Appear
  - Slime_Pop
  - Stone_Break
  - Button_Click
  - Win_Game
  - Star
  - SurpriseBox_Turn
  - Shop_Buy
  - Settings_Button_On
  - Settings_Button_Off
  - RewardUnlock
  - Lose_Game
  - Last_Five_Moves
  - Coin_Collect
  - Rocket
  - Lightning
  - Item_Pop
  - Fuse_Burn_Loop
  - DynamiteRocket_Interact
  - Bomb_Small_Explode
  - Big_Explosion
  - Weathercock_UI
  - Weathercock
  - Slingshot
  - Sling_UI
  - Leafblower_UI
  - Leaf_Blower
  - Lawnmower_UI
  - Lawnmower
  clipToGroupValues:
  - Obstacles
  - Obstacles
  - Obstacles
  - Obstacles
  - Obstacles
  - Obstacles
  - Obstacles
  - Obstacles
  - Obstacles
  - Obstacles
  - UI
  - UI
  - UI
  - UI
  - UI
  - UI
  - UI
  - UI
  - UI
  - UI
  - UI
  - Items
  - Items
  - Items
  - Items
  - Items
  - Items
  - Items
  - Boosts
  - Boosts
  - Boosts
  - Boosts
  - Boosts
  - Boosts
  - Boosts
  - Boosts
  offTheSFX: 0
  capAmount: 3
  sfxPrePoolAmounts: 000000000000000000000000000000000000000000000000000000000000000000000000000000000000000000000000000000000000000000000000000000000000000000000000000000000000000000000000000000000000000000000000000000000000000000000000000000000000000000000000000000000000000000000000000000000000000000000000
  sfxBaseVolumes:
  - 1
  - 1
  - 1
  - 1
  - 1
  - 1
  - 1
  - 1
  - 1
  - 1
  - 1
  - 1
  - 1
  - 1
  - 1
  - 1
  - 1
  - 1
  - 1
  - 1
  - 1
  - 1
  - 1
  - 1
  - 1
  - 1
  - 1
  - 1
  - 1
  - 1
  - 1
  - 1
  - 1
  - 1
  - 1
  - 1
  sfxVolumeVariations:
  - 0
  - 0
  - 0
  - 0
  - 0
  - 0
  - 0
  - 0
  - 0
  - 0
  - 0
  - 0
  - 0
  - 0
  - 0
  - 0
  - 0
  - 0
  - 0
  - 0
  - 0
  - 0
  - 0
  - 0
  - 0
  - 0
  - 0
  - 0
  - 0
  - 0
  - 0
  - 0
  - 0
  - 0
  - 0
  - 0
  sfxPitchVariations:
  - 0
  - 0
  - 0
  - 0
  - 0
  - 0
  - 0
  - 0
  - 0
  - 0
  - 0
  - 0
  - 0
  - 0
  - 0
  - 0
  - 0
  - 0
  - 0
  - 0
  - 0
  - 0
  - 0
  - 0
  - 0
  - 0
  - 0
  - 0
  - 0
  - 0
  - 0
  - 0
  - 0
  - 0
  - 0
  - 0
  SFXObjectLifetime: 10
  currentPockets:
  - Default
  defaultSFXSpatialBlend: 0
--- !u!82 &8200002
AudioSource:
  m_ObjectHideFlags: 0
  m_CorrespondingSourceObject: {fileID: 0}
  m_PrefabInstance: {fileID: 0}
  m_PrefabAsset: {fileID: 0}
  m_GameObject: {fileID: 100000}
  m_Enabled: 1
  serializedVersion: 4
  OutputAudioMixerGroup: {fileID: 0}
  m_audioClip: {fileID: 0}
  m_PlayOnAwake: 1
  m_Volume: 0
  m_Pitch: 1
  Loop: 0
  Mute: 0
  Spatialize: 0
  SpatializePostEffects: 0
  Priority: 128
  DopplerLevel: 1
  MinDistance: 1
  MaxDistance: 500
  Pan2D: 0
  rolloffMode: 0
  BypassEffects: 0
  BypassListenerEffects: 0
  BypassReverbZones: 0
  rolloffCustomCurve:
    serializedVersion: 2
    m_Curve:
    - serializedVersion: 3
      time: 0
      value: 1
      inSlope: 0
      outSlope: 0
      tangentMode: 0
      weightedMode: 0
      inWeight: 0.33333334
      outWeight: 0.33333334
    - serializedVersion: 3
      time: 1
      value: 0
      inSlope: 0
      outSlope: 0
      tangentMode: 0
      weightedMode: 0
      inWeight: 0.33333334
      outWeight: 0.33333334
    m_PreInfinity: 2
    m_PostInfinity: 2
    m_RotationOrder: 4
  panLevelCustomCurve:
    serializedVersion: 2
    m_Curve:
    - serializedVersion: 3
      time: 0
      value: 0
      inSlope: 0
      outSlope: 0
      tangentMode: 0
      weightedMode: 0
      inWeight: 0.33333334
      outWeight: 0.33333334
    m_PreInfinity: 2
    m_PostInfinity: 2
    m_RotationOrder: 4
  spreadCustomCurve:
    serializedVersion: 2
    m_Curve:
    - serializedVersion: 3
      time: 0
      value: 0
      inSlope: 0
      outSlope: 0
      tangentMode: 0
      weightedMode: 0
      inWeight: 0.33333334
      outWeight: 0.33333334
    m_PreInfinity: 2
    m_PostInfinity: 2
    m_RotationOrder: 4
  reverbZoneMixCustomCurve:
    serializedVersion: 2
    m_Curve:
    - serializedVersion: 3
      time: 0
      value: 1
      inSlope: 0
      outSlope: 0
      tangentMode: 0
      weightedMode: 0
      inWeight: 0.33333334
      outWeight: 0.33333334
    m_PreInfinity: 2
    m_PostInfinity: 2
    m_RotationOrder: 4
--- !u!82 &8200000
AudioSource:
  m_ObjectHideFlags: 0
  m_CorrespondingSourceObject: {fileID: 0}
  m_PrefabInstance: {fileID: 0}
  m_PrefabAsset: {fileID: 0}
  m_GameObject: {fileID: 100000}
  m_Enabled: 1
  serializedVersion: 4
  OutputAudioMixerGroup: {fileID: 0}
  m_audioClip: {fileID: 0}
  m_PlayOnAwake: 1
  m_Volume: 0
  m_Pitch: 1
  Loop: 0
  Mute: 0
  Spatialize: 0
  SpatializePostEffects: 0
  Priority: 128
  DopplerLevel: 1
  MinDistance: 1
  MaxDistance: 500
  Pan2D: 0
  rolloffMode: 0
  BypassEffects: 0
  BypassListenerEffects: 0
  BypassReverbZones: 0
  rolloffCustomCurve:
    serializedVersion: 2
    m_Curve:
    - serializedVersion: 3
      time: 0
      value: 1
      inSlope: 0
      outSlope: 0
      tangentMode: 0
      weightedMode: 0
      inWeight: 0.33333334
      outWeight: 0.33333334
    - serializedVersion: 3
      time: 1
      value: 0
      inSlope: 0
      outSlope: 0
      tangentMode: 0
      weightedMode: 0
      inWeight: 0.33333334
      outWeight: 0.33333334
    m_PreInfinity: 2
    m_PostInfinity: 2
    m_RotationOrder: 4
  panLevelCustomCurve:
    serializedVersion: 2
    m_Curve:
    - serializedVersion: 3
      time: 0
      value: 0
      inSlope: 0
      outSlope: 0
      tangentMode: 0
      weightedMode: 0
      inWeight: 0.33333334
      outWeight: 0.33333334
    m_PreInfinity: 2
    m_PostInfinity: 2
    m_RotationOrder: 4
  spreadCustomCurve:
    serializedVersion: 2
    m_Curve:
    - serializedVersion: 3
      time: 0
      value: 0
      inSlope: 0
      outSlope: 0
      tangentMode: 0
      weightedMode: 0
      inWeight: 0.33333334
      outWeight: 0.33333334
    m_PreInfinity: 2
    m_PostInfinity: 2
    m_RotationOrder: 4
  reverbZoneMixCustomCurve:
    serializedVersion: 2
    m_Curve:
    - serializedVersion: 3
      time: 0
      value: 1
      inSlope: 0
      outSlope: 0
      tangentMode: 0
      weightedMode: 0
      inWeight: 0.33333334
      outWeight: 0.33333334
    m_PreInfinity: 2
    m_PostInfinity: 2
    m_RotationOrder: 4
